@article{SmokeSuicide,
  title   = {Air pollution and suicide in rural and urban America: Evidence from wildfiresmoke},
  author  = {Molitor, David and Mullins, Jamie and White, Corey},
  year    = {2023},
  journal = {Proceedings of the National Academy of Sciences},
  doi     = {10.1073/pnas.2221621120}
}

@article{MHClassification,
  author  = {Alexander, Diane and Schnell, Molly},
  title   = {Just what the nurse practitioner ordered: Independent prescriptive authority and population mental health},
  journal = {Journal of Health Economics},
  year    = {2019},
  doi     = {10.1073/pnas.1518393112}
}

@article{RisingWhiteMorbidity,
  author  = {Case, Anne and Deaton, Angus},
  title   = {Rising morbidity and mortality in midlife among white non-Hispanic Americans in the 21st century},
  journal = {Proceedings of the National Academy of Sciences},
  year    = {2015},
  doi     = {10.1073/pnas.1518393112}
}

@misc{cdcSuicide2022,
  author = {Centers for Disease Control and Prevention},
  title  = {Suicide Mortality in the United States, 2002–2022},
  year   = {2014},
  note   = {\url{https://www.cdc.gov/nchs/products/databriefs/db398.htm}}
}

@misc{cdcWisqars,
  author = {Centers for Disease Control and Prevention},
  title  = {Web-based injury statistics query and reporting system: Leading cause of death visualization tool, 2020},
  year   = {2020},
  note   = {\url{https://wisqars.cdc.gov/data/lcd/home}}
}

@article{iveyStephenson2017,
  author  = {Ivey-Stephenson, Asha and Crosby, Alex and Jack, Shane and Haileyesus, Tadesse and Kresnow-Sedacca, Marcie-Jo},
  title   = {Suicide trends among and within urbanization levels by sex, race/ethnicity, age group, and mechanism of death—United States, 2001–2015},
  journal = {MMWR Surveillance Summaries},
  year    = {2017},
  doi     = {10.15585/mmwr.ss6618a1}
}

@article{christodoulou2012,
  author  = {Christodoulou, C. and Douzenis, A. and Papadopoulos, F. C. and Papadopoulou, A. and Bouras, G. and Gournellis, R. and Lykouras, L.},
  title   = {Suicide and seasonality},
  journal = {Acta Psychiatrica Scandinavica},
  year    = {2012},
  doi     = {10.1111/j.1600-0447.2011.01750.x}
}

@article{carleton2016,
  author  = {Carleton, Tamma A. and Hsiang, Solomon M.},
  title   = {Social and economic impacts of climate},
  journal = {Science},
  year    = {2016},
  doi     = {10.1126/science.aad9837}
}

@article{gelman2016,
  author  = {Gelman, Andrew and Auerbach, Jesse},
  title   = {Age-aggregation bias in mortality trends},
  journal = {Proceedings of the National Academy of Sciences},
  year    = {2016},
  doi     = {10.1073/pnas.1523465113}
}

@article{burke2018,
  author  = {Burke, Marshall and González, Felipe and Baylis, Patrick and Heft-Neal, Sam and Baysan, Ceren and Basu, Sanjay and Hsiang, Solomon},
  title   = {Higher temperatures increase suicide rates in the United States and Mexico},
  journal = {Nature Climate Change},
  year    = {2018},
  doi     = {10.1038/s41558-018-0222-x}
}

@article{mullins2019,
  author  = {Mullins, Jamie T. and White, Corey},
  title   = {Temperature and mental health: Evidence from the spectrum of mental health outcomes},
  journal = {Journal of Health Economics},
  year    = {2019},
  doi     = {10.1016/j.jhealeco.2019.102240}
}

@misc{seerPop2022,
  author = {{SEER Program, National Cancer Institute}},
  title  = {US county population data, 1969–2020},
  year   = {2022},
  note   = {\url{https://seer.cancer.gov/popdata/index.html}}
}

@misc{ersEducation2022,
  author = {{USDA Economic Research Service}},
  title  = {Educational attainment for the U.S., states, and counties, 1970–2020},
  year   = {2022},
  note   = {\url{https://www.ers.usda.gov/data-products/county-level-data-sets/download-data/}}
}

@misc{prismClimate2022,
  author = {{PRISM Climate Group}},
  title  = {PRISM climate data},
  year   = {2022},
  note   = {\url{https://prism.oregonstate.edu/}}
}

@misc{nchsUrbanRural2013,
  author = {{National Center for Health Statistics}},
  title  = {2013 National Center for Health Statistics urban-rural classification scheme},
  year   = {2013},
  note   = {\url{https://www.cdc.gov/nchs/dataaccess/urbanrural.htm}}
}

@misc{nchsRestrictedData2021,
  author = {{Centers for Disease Control and Prevention - National Center for Health Statistics}},
  title  = {National Vital Statistics System, Restricted-Use Vital Statistics Data: Deaths (Mortality)—Multiple Cause of Death, States and All Counties},
  year   = {2021},
  note   = {\url{https://www.cdc.gov/nchs/nvss/nvss-restricted-data.htm}}
}

@article{mindHeatEffect,
  author  = {Pappas, Stephanie},
  title   = {How heat affects the mind},
  journal = {American Psychological Association},
  year    = {2024}
}

@article{rony2023,
  author  = {Rony, Moustaq and Alamgir, Hasnat},
  title   = {High temperatures on mental health: Recognizing the association and the need for proactive strategies—A perspective},
  journal = {Health Science Reports},
  year    = {2023},
  doi     = {10.1002/hsr2.1729}
}

@article{brunner2024,
  author  = {Brunner, Lukas and Voigt, Aiko},
  title   = {Pitfalls in diagnosing temperature extremes},
  journal = {Nature Communications},
  year    = {2024},
  doi     = {10.1038/s41467-024-46349-x}
}

@misc{epaHeat,
  author = {Environmental Protection Agency},
  title  = {Extreme Heat},
  note   = {\url{https://www.epa.gov/climatechange-science/extreme-heat}}
}

@misc{epaExtremeHeat,
  author = {Environmental Protection Agency},
  title  = {Climate Change Indicators: Heat Waves},
  note   = {\url{https://www.epa.gov/climate-indicators/climate-change-indicators-heat-waves}}
}


@misc{whoSuicideStat,
	author= {World Health Organization},
	title= {Suicide},
	note = {\url{https://www.nimh.nih.gov/health/statistics/suicide}}
}
@misc{usMentalStat,
	author= {National Institute of Mental Health},
	title= {Mental Illness},
	note = {\url{https://www.nimh.nih.gov/health/statistics/mental-illness}}
}

@article{MHCost,
  author  = {Abramson, Boaz and Boerma, Job and Tsyvinski, Aleh},
  title   = {Macroeconomics of Mental Health},
  journal = {National Bureau of Economic Research},
  year    = {2024},
  doi     = {10.3386/w32354}
}

@article{futureMHCost,
  author  = {Trautmann, Sebastian and Rehm, Jurgen and Wittchen, Hans-Ulrich},
  title   = {The economic costs of mental disorders: Do our societies react appropriately to the burden of mental disorders?},
  journal = {European Molecular Biology Organization},
  year    = {2016},
  doi     = {10.15252/embr.201642951}
}

@article{noHealthwoMH,
  author  = {Prince, Martin and Patel, Vikram and Saxena, Shekhar and Maj,Mario and
Maselko, Joanna and Phillips, Michael and Rahman, Atif},
  title   = {No health without mental health},
  journal = {The Lancet},
  year    = {2016},
  doi     = {10.1016/S0140-6736(07)61238-0}
}

@article{Berry2010,
  author  = {Berry, Helen and Bowen, Kathryn and Kjellstrom, Tord},
  title   = {Climate change and mental health: a causal pathways framework},
  journal = {International Journal of Public Health},
  year    = {2009},
  doi     = {10.1007/s00038-009-0112-0}
}

@article{Patz2014,
  author  = {Patz, Johnathan and Frumpkin, Howard and Holloway, Tracey},
  title   = {Climate Change
Challenges and Opportunities for Global Health},
  journal = {Journal of the American Medical Association},
  year    = {2014},
  doi     = {10.1001/jama.2014.13186}
}

@article{Watts2015,
  author  = {Watts, Nick and Adger, Neil and Agnolucci, Paolo and et al.},
  title   = {Health and climate change: policy responses to protect public health},
  journal = {The Lancet},
  year    = {2015},
  doi     = {10.1016/S0140-6736(15)60854-6}
}

@article{Hsiang2013,
  author  = {Hsiang, Solomon and Burke, Marshall and Miguel, Edward},
  title   = {Quantifying the Influence of Climate on Human Conflict},
  journal = {Science},
  year    = {2013},
  doi     = {10.1126/science.1235367}
}

@article{Lozano2013,
  author  = {Lozano, Rafael and Naghavi,Mohsen and Foreman,Kyle and et al.},
  title   = {Global and regional mortality from 235 causes of death for 20 age groups in 1990 and 2010: a systematic analysis for the Global Burden of Disease Study 2010},
  journal = {The Lancet},
  year    = {2013},
  doi     = {10.1016/S0140-6736(12)61728-0}
}

@misc{usSuicideStat,
	author= {National Institute of Mental Health},
	title= {Suicide},
	note = {\url{https://www.nimh.nih.gov/health/statistics/suicide}}
}

@article{Swanson2015,
  author  = {Swanson, Jefferey and Bonnie, Richard and Appelbaum, Paul},
  title   = {Getting Serious About Reducing Suicide
More “How” and Less “Why”},
  journal = {Journal of the American Medical Association},
  year    = {2015},
  doi     = {10.1001/jama.2015.15566}
}

@article{Lim2013,
	author = {Lim, Stephan and Vos, Theo and Flaxman, Abraham and et al.},
	title= {A comparative risk assessment of burden of disease and injury attributable to 67 risk factors and risk factor clusters in 21 regions, 1990–2010: a systematic analysis for the Global Burden of Disease Study 2010},
	journal = {The Lancet},
	year = {2013},
	doi = {10.1016/S0140-6736(12)61766-8}
}

@misc{HandHWHO,
	author = {World Health Organization},
	title = {Heat and Health},
	note = {\url{https://www.who.int/news-room/fact-sheets/detail/climate-change-heat-and-health}}
}
@article{bridges2005,
	author = {Bridges, Stephen and Yip, Paul and Yang, Krig and et al. },
	title= {Seasonal Changes in Suicide in the United States, 1971 to 2000},
	journal = {Perceptual and Motor Skills},
	year = {2005},
	doi = {10.2466/pms.100.3c.920-924}
}
@article{periard2016,
	author = {Periard, Julien, and Travers, Gavin and Racinais, Sebastien and Sawka, Michael},
	title = {Cardiovascular adaptations supporting human exercise-heat acclimation},
	journal = {Autonomic Neuroscience},
	year = {2016},
	doi = {10.1016/j.autneu.2016.02.002}
}



